<record xmlns='http://www.loc.gov/MARC21/slim'><leader>01256cim a22003372u 4500</leader><controlfield tag='001'>3602617</controlfield><controlfield tag='005'>20151214183147.0</controlfield><controlfield tag='007'>ss|lmnjluz|nuu</controlfield><controlfield tag='008'>991101s1979    nyunnn         l    eng d</controlfield><datafield ind1=' ' ind2=' ' tag='035'><subfield code='a'>(NIC)notisASF9682</subfield></datafield><datafield ind1=' ' ind2=' ' tag='035'><subfield code='a'>3602617</subfield></datafield><datafield ind1=' ' ind2=' ' tag='035'><subfield code='a'>(OCoLC)63899659</subfield></datafield><datafield ind1=' ' ind2=' ' tag='040'><subfield code='a'>NIC</subfield><subfield code='c'>NIC</subfield><subfield code='d'>NIC</subfield><subfield code='d'>NIC</subfield></datafield><datafield ind1='1' ind2=' ' tag='100'><subfield code='a'>Koolhas, Rem</subfield></datafield><datafield ind1='1' ind2='2' tag='245'><subfield code='a'>A study of modern and postmodern architecture through architectural details</subfield><subfield code='h'>[sound recording]</subfield></datafield><datafield ind1=' ' ind2=' ' tag='260'><subfield code='c'>1979.</subfield></datafield><datafield ind1=' ' ind2=' ' tag='300'><subfield code='a'>1 sound cassette (90 min.) :</subfield><subfield code='b'>analog, mono.</subfield></datafield><datafield ind1=' ' ind2=' ' tag='500'><subfield code='a'>Recorded in Ithaca, NY by Cornell University.</subfield></datafield><datafield ind1=' ' ind2=' ' tag='518'><subfield code='a'>Lecture, March 2, 1979.</subfield></datafield><datafield ind1=' ' ind2=' ' tag='520'><subfield code='a'>Koolhas discusses modernist and post-modernist ideas in architecture through study of a number of architectural details.</subfield></datafield><datafield ind1=' ' ind2=' ' tag='540'><subfield code='a'>No reproductions authorized.</subfield></datafield><datafield ind1=' ' ind2='0' tag='650'><subfield code='a'>Architecture</subfield><subfield code='x'>Details.</subfield></datafield><datafield ind1=' ' ind2='0' tag='650'><subfield code='a'>Architecture, Postmodern.</subfield></datafield><datafield ind1=' ' ind2='0' tag='650'><subfield code='a'>Architecture, Modern</subfield><subfield code='y'>19th century.</subfield></datafield><datafield ind1=' ' ind2='7' tag='648'><subfield code='a'>1800 - 1899</subfield><subfield code='2'>fast</subfield></datafield><datafield ind1=' ' ind2='7' tag='650'><subfield code='a'>Architecture</subfield><subfield code='x'>Details</subfield><subfield code='2'>fast</subfield><subfield code='0'>(OCoLC)fst00813413</subfield></datafield><datafield ind1=' ' ind2='7' tag='650'><subfield code='a'>Architecture, Modern</subfield><subfield code='2'>fast</subfield><subfield code='0'>(OCoLC)fst00813842</subfield></datafield><datafield ind1=' ' ind2='7' tag='650'><subfield code='a'>Architecture, Postmodern</subfield><subfield code='2'>fast</subfield><subfield code='0'>(OCoLC)fst00813902</subfield></datafield><datafield ind1='1' ind2=' ' tag='899'><subfield code='a'>CULectures</subfield></datafield><datafield ind1=' ' ind2=' ' tag='905'><subfield code='a'>20000119120000.0</subfield></datafield><datafield ind1='2' ind2=' ' tag='948'><subfield code='a'>20141221</subfield><subfield code='b'>m</subfield><subfield code='d'>batch</subfield><subfield code='e'>lts</subfield><subfield code='x'>addfast</subfield></datafield></record>